<?xml version="1.0" encoding="UTF-8"?><collection><record><leader>03326ntm a2200445 a 4500</leader><controlfield tag="001">002631710</controlfield><controlfield tag="003">MiAaHDL</controlfield><controlfield tag="005">20190719000000.0</controlfield><controlfield tag="006">m        d        </controlfield><controlfield tag="007">cr bn ---auaua</controlfield><controlfield tag="008">930614q14501544xx            00||  ara d</controlfield><datafield tag="035" ind1=" " ind2=" "><subfield code="a">(MiU)002631710</subfield></datafield><datafield tag="035" ind1=" " ind2=" "><subfield code="a">sdr-miu002631710</subfield></datafield><datafield tag="035" ind1=" " ind2=" "><subfield code="a">(OCoLC)34366145</subfield></datafield><datafield tag="035" ind1=" " ind2=" "><subfield code="a">(RLIN)MIUH93-A135</subfield></datafield><datafield tag="040" ind1=" " ind2=" "><subfield code="a">MiU</subfield><subfield code="c">MiU</subfield><subfield code="e">appm</subfield><subfield code="d">MiU</subfield></datafield><datafield tag="100" ind1="1" ind2=" "><subfield code="6">880-01</subfield><subfield code="a">Wafāʾī, ʻIzz al-Dīn ʻAbd al-ʻAzīz ibn Muḥammad,</subfield><subfield code="d">fl. ca. 1450.</subfield></datafield><datafield tag="245" ind1="1" ind2="3"><subfield code="6">880-02</subfield><subfield code="a">al-Nujūm al-zāhirāt fī al-ʻamal bi-rubʻ al-muqanṭarāt :</subfield><subfield code="k">manuscript,</subfield><subfield code="f">[between 1450? and 1544].</subfield></datafield><datafield tag="300" ind1=" " ind2=" "><subfield code="a">1</subfield><subfield code="f">v. ([60] p.) ;</subfield><subfield code="c">18 cm.</subfield></datafield><datafield tag="500" ind1=" " ind2=" "><subfield code="a">Text and title rubricated; marginal corrections and notes in hand of copyist and others(?).</subfield></datafield><datafield tag="500" ind1=" " ind2=" "><subfield code="a">End date from owner's marks on p. [1].</subfield></datafield><datafield tag="500" ind1=" " ind2=" "><subfield code="a">For al-Mizzī's work, see Mich. Isl. Ms. 796,9.</subfield></datafield><datafield tag="500" ind1=" " ind2=" "><subfield code="a">Pp. [1-48]. Bound with: [2] Abū Zayd ʻAbd al-Raḥmān ibn Muḥammad al-Tājūrī, ʻUmdat al-ḥudhdhāq fī al-ʻamal bi-hā fī sāʾir al-āfāq, pp. [48-54]; [3] Miscellaneous unidentified material, pp. [54-60].</subfield></datafield><datafield tag="510" ind1="4" ind2=" "><subfield code="a">GAL,</subfield><subfield code="c">v. II, p. 159; GAL, Suppl. II, p. 160; King, Survey, p. 71</subfield></datafield><datafield tag="520" ind1=" " ind2=" "><subfield code="a">"A treatise on the bridged quadrant based on the work of Shams al-Dīn Muḥammad, al-Mizzī, and Jamāl al-Dīn ʻAbd Allāh, al-Māridīnī." Cataloging by Elinor M. Husselman, 1945.</subfield></datafield><datafield tag="538" ind1=" " ind2=" "><subfield code="a">Mode of access: Internet.</subfield></datafield><datafield tag="541" ind1=" " ind2=" "><subfield code="d">07/--/36</subfield><subfield code="3">Manuscript</subfield><subfield code="a">McGregor Fund</subfield><subfield code="c">Purchase, 1933/34</subfield></datafield><datafield tag="545" ind1=" " ind2=" "><subfield code="a">Muwaqqit (timekeeper) at the mosque of al-Muʾayyad in Cairo.</subfield></datafield><datafield tag="561" ind1=" " ind2=" "><subfield code="a">unidentified signatures of two(?) other owners and a reader.</subfield></datafield><datafield tag="561" ind1=" " ind2=" "><subfield code="a">Purchased in Cairo, 1933/34. Owners' marks: on p. [1], owners' autographs and date: fī nawbat al-ʻabd al-faqīr ... Muḥammad Muḥammad al-Ramlī al-muwaqqit bi-al-jāmiʻ al-Umawī sanat 950 [i.e. 1543 or 4]; intaqala ilá milk al-shaykh Jalāl al-Dīn al-Ramlī ...[?]... min kātibihi al-faqīr Muḥammad al-Jawnī[?] bi-thaman qadrihi ithnā ʻashar qiṭʻah tārīkh khāmis Rabīʻ al-thānī sanat khamsīn wa-tisʻimiʾah [i.e. July-August 1543] wa-hādhā khaṭṭī shāhid ʻalayh; on p. [1],</subfield></datafield><datafield tag="600" ind1="1" ind2="4"><subfield code="a">Māridīnī, Jamāl al-Dīn ʻAbd Allāh ibn Khalīl al-Qāhirī,</subfield><subfield code="d">d. 1406.</subfield><subfield code="t">Waraqāt fī al-ʻamal bi-rubʻ al-dāʾirah alladhī ʻalayhi al-muqanṭarāt.</subfield></datafield><datafield tag="600" ind1="1" ind2="4"><subfield code="6">880-03</subfield><subfield code="a">Mizzī, Shams al-Dīn Muḥammad ibn Aḥmad,</subfield><subfield code="d">1291-1349.</subfield><subfield code="t">Rawḍāt al-muzhirāt fī al-ʻamal bi-al-rubʻ al-muqanṭarāt.</subfield></datafield><datafield tag="650" ind1=" " ind2="0"><subfield code="a">Almucantar</subfield><subfield code="y">Early works to 1800.</subfield></datafield><datafield tag="650" ind1=" " ind2="0"><subfield code="a">Quadrants (Astronomical instruments)</subfield><subfield code="v">Early works to 1800.</subfield></datafield><datafield tag="650" ind1=" " ind2="0"><subfield code="a">Astronomical instruments</subfield><subfield code="y">Early works to 1800.</subfield></datafield><datafield tag="650" ind1=" " ind2="0"><subfield code="a">Astronomy, Arab</subfield><subfield code="y">Early works to 1800.</subfield></datafield><datafield tag="650" ind1=" " ind2="0"><subfield code="a">Manuscripts, Arabic</subfield><subfield code="z">Michigan</subfield><subfield code="z">Ann Arbor.</subfield></datafield><datafield tag="773" ind1="0" ind2=" "><subfield code="7">unbc</subfield><subfield code="a">Tracy W. McGregor Collection of Arabic, Persian, and Turkish Mathematical and Astronomical Manuscripts.</subfield><subfield code="w">(CStRLIN)MIUH92-A20.</subfield></datafield><datafield tag="880" ind1="0" ind2="4"><subfield code="6">600-03/</subfield><subfield code="a">شمس الدين محمد بن أحمد المزي.</subfield><subfield code="t">روضة المزهرات في العمل بالربع المقنطرات.</subfield></datafield><datafield tag="880" ind1="1" ind2="2"><subfield code="6">245-02/</subfield><subfield code="a">النجوم الزاهرات في العمل بربع المقنطرات :</subfield><subfield code="k">manuscript،</subfield><subfield code="f">[between 1450? and 1544].</subfield></datafield><datafield tag="880" ind1="0" ind2=" "><subfield code="6">100-01/</subfield><subfield code="a">عز الدين عبد العزيز بن محمد الوفائي.</subfield></datafield><datafield tag="CID" ind1=" " ind2=" "><subfield code="a">002631710</subfield></datafield><datafield tag="DAT" ind1="0" ind2=" "><subfield code="a">20190719102632.0</subfield><subfield code="b">20190719000000.0</subfield></datafield><datafield tag="DAT" ind1="1" ind2=" "><subfield code="a">20190719090653.0</subfield><subfield code="b">2019-07-19T16:10:44Z</subfield></datafield><datafield tag="DAT" ind1="2" ind2=" "><subfield code="a">2015-10-02T18:00:03Z</subfield></datafield><datafield tag="CAT" ind1=" " ind2=" "><subfield code="a">SDR-MIU</subfield><subfield code="d">EX LIBRIS - ALEPH</subfield><subfield code="l">prepare.pl-004-008</subfield></datafield><datafield tag="FMT" ind1=" " ind2=" "><subfield code="a">BK</subfield></datafield><datafield tag="HOL" ind1=" " ind2=" "><subfield code="0">sdr-miu002631710</subfield><subfield code="a">MiU</subfield><subfield code="b">SDR</subfield><subfield code="c">MIU</subfield><subfield code="p">mdp.39015078570416</subfield><subfield code="s">MIU</subfield><subfield code="1">002631710</subfield></datafield><datafield tag="974" ind1=" " ind2=" "><subfield code="b">MIU</subfield><subfield code="c">MIU</subfield><subfield code="d">20190719</subfield><subfield code="s">lit-dlps-dc</subfield><subfield code="u">mdp.39015078570416</subfield><subfield code="y">1544</subfield><subfield code="r">pd</subfield><subfield code="q">bib</subfield><subfield code="t">non-US bib date2 &lt; 1896</subfield></datafield></record></collection>